@misc{logisticloss,
	title = {Notes on Logistic Loss Function},
	howpublished = {http://www.hongliangjie.com/wp-content/uploads/2011/10/logistic.pdf},
	note = {Accessed: 2018-1-31}
}

@misc{convexity,
	title = {Theory of Convex Functions},
	howpublished = {http://www.princeton.edu/~amirali/Public/Teaching/ORF523/S16/ORF523_S16_Lec7_gh.pdf},
	note = {Accessed: 2018-2-08}
}

@misc{characterConvexity,
	title = {Characterization of Convex Functions},
	howpublished = {http://people.seas.harvard.edu/~yaron/AM221/lecture_notes/AM221_lecture10.pdf},
	note = {Accessed: 2018-2-08}
}

@misc{directionalDerivative,
	title = {Characterization of Convex Functions},
	howpublished = {http://people.seas.harvard.edu/~yaron/AM221/lecture_notes/AM221_lecture9.pdf},
	note = {Accessed: 2018-2-08}
}
